@book{changbook1,
    author = "Chen-I Chang",
    title = "Hyperspectral Imaging: Techniques for Spectral Detection and Classification",
    year = "2003",
    isbn = "0306474832",
    publisher = "Plenum Publishing Co."
}

@book{changbook2,
    author = "Chein-I Chang",
    title  = "Hyperspectral Data Processing",
    year   = "2013",
    isbn = "978-0-471-69056-6",
    publisher= "John Wiley \& Sons, Inc."
}

@book{changbook3,
    author = "Chein-I Chang",
    title  = "Real-Time Progressive Hyperspectral Image Processing",
    year = {2016},
    isbn = {1441961860, 9781441961860},
    edition = {1st},
    publisher = {Springer Publishing Company, Incorporated},
}

@article{heinz,
  author    = {Daniel C. Heinz and
               Chein{-}I Chang},
  title     = {Fully constrained least squares linear spectral mixture analysis method
               for material quantification in hyperspectral imagery},
  journal   = {{IEEE} Trans. Geoscience and Remote Sensing},
  volume    = {39},
  number    = {3},
  pages     = {529--545},
  year      = {2001},
}

@incollection{lee1,
title = {Algorithms for Non-negative Matrix Factorization},
author = {Daniel D. Lee and Seung, H. Sebastian},
booktitle = {Advances in Neural Information Processing Systems 13},
editor = {T. K. Leen and T. G. Dietterich and V. Tresp},
pages = {556--562},
year = {2001},
publisher = {MIT Press},
}

@article{lee2,
title = {Learning the parts of objects by non-negative matrix factorization},
author = {Daniel D. Lee, H. Sebastian Seung},
journal = {Nature, Vol. 401, No. 6755},
year = {1999},
month = {October},
pages = {pp. 788-791}
}
 
@article{wong,
title = {Modified fully abundance-constrained spectral unmixing},
author = {Englin Wong and Chein-I Chang},
journal = {Proc. SPIE 8539, High-Performance Computing in Remote Sensing II},
year = {2012}
}

@article{lidan,
title = {Endmember Extraction From Highly Mixed Data Using Minimum Volume Constrained Nonnegative Matrix Factorization},
author = {Lidan Miao, Hairong Qi},
year = {2007},
journal = {IEEE Transactions on Geoscience and Remote Sensing},
volume = {45},
number = {3}
}

@article{liguo,
title = {Geometric Method of Fully Constrained Least Squares Linear Spectral Mixture Analysis},
author = {Liguo Wang and Danfeng Liu and Qunming Wang},
month = {June},
year = {2013},
journal = {IEEE Transactions on Geoscience and Remote Sensing},
volume = {51},
number = {6}
}

@manual{ondrej,
title = {nmfpack},
author = {Ondrej Mandula},
note = {\url{https://github.com/aludnam/MATLAB/tree/master/nmfpack}},
year = {2011}
}

@article{hoyer1,
title = {Non-negative Sparse Coding},
author = {Patrik Hoyer},
year = {2002},
month = {February},
journal = {Neural Networks for Signal Processing},
pages = {557 -- 565},
volume = {12}
}

@article{hoyer2,
title = {Non-negative Matrix Factorization with Sparseness Constraints},
author = {Patrik Hoyer},
year = {2004},
journal = {Machine Learning Research},
volume = {5},
pages = {1457 -- 1469}
}

@article{sen,
title = {Constrained Nonnegative Matrix Factorization for Hyperspectral Unmixing},
author = {Sen Jia and Yuntao Qian},
year = {2009},
month = {January},
journal = {IEEE Transactions on Geoscience and Remote Sensing},
volume = {47},
number = {1}
}

